<record><leader>00000cas a22000007a 4500</leader><controlfield tag="001">12605105</controlfield><controlfield tag="008">850926d18561859njudn ne      0    0eng d</controlfield><datafield ind1=" " ind2=" " tag="010"><subfield code="a">sn 85036042 </subfield></datafield><datafield ind1=" " ind2=" " tag="040"><subfield code="a">NPA</subfield><subfield code="b">eng</subfield><subfield code="c">NPA</subfield><subfield code="d">NJW</subfield><subfield code="d">OCLCQ</subfield></datafield><datafield ind1=" " ind2=" " tag="042"><subfield code="a">msc</subfield></datafield><datafield ind1="0" ind2="4" tag="245"><subfield code="a">The Daily New-Brunswicker.</subfield></datafield><datafield ind1=" " ind2=" " tag="260"><subfield code="a">New-Brunswick, N.J. :</subfield><subfield code="b">John F. Babcock,</subfield><subfield code="c">1856-1859.</subfield></datafield><datafield ind1=" " ind2=" " tag="300"><subfield code="a">v. :</subfield><subfield code="b">ill. (chiefly advertisements)</subfield></datafield><datafield ind1=" " ind2=" " tag="310"><subfield code="a">Daily (except Sun.)</subfield></datafield><datafield ind1="0" ind2=" " tag="362"><subfield code="a">Jan. 15, 1856-Mar. 21, 1859.</subfield></datafield><datafield ind1=" " ind2=" " tag="530"><subfield code="a">Also issued on microfilm by Norton Micro Images.</subfield></datafield><datafield ind1=" " ind2=" " tag="580"><subfield code="a">Weekly ed.: New-Brunswick Fredonian.</subfield></datafield><datafield ind1=" " ind2=" " tag="752"><subfield code="a">United States</subfield><subfield code="b">New Jersey</subfield><subfield code="c">Middlesex</subfield><subfield code="d">New Brunswick.</subfield></datafield><datafield ind1="1" ind2=" " tag="775"><subfield code="t">New-Brunswick Fredonian</subfield><subfield code="w">(DLC)sn 84025705</subfield><subfield code="w">(OCoLC)10303008</subfield></datafield><datafield ind1="0" ind2="0" tag="780"><subfield code="t">New-Brunswicker</subfield><subfield code="w">(DLC)sn 85036041</subfield><subfield code="w">(OCoLC)12605100</subfield></datafield><datafield ind1="0" ind2="0" tag="785"><subfield code="t">New-Brunswick daily Fredonian</subfield><subfield code="w">(DLC)sn 84026644</subfield><subfield code="w">(OCoLC)10539666</subfield></datafield></record>